<record><leader>00000cas a2200000 a 4500</leader><controlfield tag="001">35007652</controlfield><controlfield tag="008">960628d1uuu19uucauwr ne      0    0eng c</controlfield><datafield ind1=" " ind2=" " tag="010"><subfield code="a">sn 96061862 </subfield></datafield><datafield ind1=" " ind2=" " tag="040"><subfield code="a">CNK</subfield><subfield code="b">eng</subfield><subfield code="c">CNK</subfield><subfield code="d">OCLCQ</subfield><subfield code="d">CNK</subfield><subfield code="d">OCLCQ</subfield><subfield code="d">OCLCF</subfield><subfield code="d">OCLCO</subfield></datafield><datafield ind1="1" ind2=" " tag="029"><subfield code="a">AU@</subfield><subfield code="b">000012570361</subfield></datafield><datafield ind1=" " ind2=" " tag="042"><subfield code="a">pcc</subfield></datafield><datafield ind1=" " ind2=" " tag="043"><subfield code="a">n-us-ca</subfield></datafield><datafield ind1="0" ind2="0" tag="245"><subfield code="a">Santa Cruz weekly sentinel.</subfield></datafield><datafield ind1="1" ind2=" " tag="246"><subfield code="i">Published as:</subfield><subfield code="a">Weekly sentinel</subfield><subfield code="f">July 29, 1905-Feb. 3, 1906</subfield></datafield><datafield ind1=" " ind2=" " tag="260"><subfield code="a">Santa Cruz, Calif. :</subfield><subfield code="b">Duncan McPherson &amp; Chas. W. Waldron</subfield></datafield><datafield ind1=" " ind2=" " tag="300"><subfield code="a">v.</subfield></datafield><datafield ind1=" " ind2=" " tag="310"><subfield code="a">Weekly</subfield></datafield><datafield ind1=" " ind2=" " tag="530"><subfield code="a">Master negatives are available for duplication from:</subfield><subfield code="b">California Newspaper Microfilm Archive;</subfield><subfield code="c">positive copies may be purchased by the reel; for further information consult the CNMA at:</subfield><subfield code="u">http://cbsr.ucr.edu</subfield></datafield><datafield ind1=" " ind2=" " tag="588"><subfield code="a">Description based on: Vol. 51, no. 2 (June 10, 1905).</subfield></datafield><datafield ind1=" " ind2="0" tag="651"><subfield code="a">Santa Cruz (Calif.)</subfield><subfield code="v">Newspapers.</subfield></datafield><datafield ind1=" " ind2="7" tag="655"><subfield code="a">Newspapers.</subfield><subfield code="2">fast</subfield><subfield code="0">(OCoLC)fst01423814</subfield></datafield><datafield ind1=" " ind2="7" tag="651"><subfield code="a">California</subfield><subfield code="z">Santa Cruz.</subfield><subfield code="2">fast</subfield><subfield code="0">(OCoLC)fst01205880</subfield></datafield><datafield ind1=" " ind2=" " tag="752"><subfield code="a">United States</subfield><subfield code="b">California</subfield><subfield code="c">Santa Cruz</subfield><subfield code="d">Santa Cruz.</subfield></datafield><datafield ind1="0" ind2=" " tag="775"><subfield code="t">Santa Cruz morning sentinel</subfield><subfield code="w">(DLC)sn 95061775</subfield></datafield><datafield ind1="0" ind2=" " tag="775"><subfield code="t">Evening sentinel (Santa Cruz, Calif.)</subfield><subfield code="w">(DLC)sn 96061861</subfield></datafield></record>